@article{goodfellow2016deep,
  title={Deep Learning},
  author={Goodfellow, Ian and Bengio, Yoshua and Courville, Aaron},
  journal={MIT Press},
  year={2016}
}

@article{desai2020evolution,
  title={Evolutionary dynamics and adaptation in microbial populations},
  author={Desai, Michael M.},
  journal={Annual Review of Genetics},
  volume={54},
  pages={123--146},
  year={2020}
}

@article{mehta2014exact,
  title={Exact solutions of the logistic equation and their applications},
  author={Mehta, Pankaj and Schwab, David J.},
  journal={Journal of Theoretical Biology},
  volume={358},
  pages={1--11},
  year={2014}
}
